<record xmlns="http://www.loc.gov/MARC21/slim" xmlns:xsi="http://www.w3.org/2001/XMLSchema-instance" xsi:schemaLocation="http://www.loc.gov/MARC21/slim http://www.loc.gov/standards/marcxml/schema/MARC21slim.xsd"><leader>     nam a22        4500</leader><controlfield tag="001">3063520</controlfield><controlfield tag="003">NNC</controlfield><controlfield tag="006">m        d        </controlfield><controlfield tag="007">cr cn |||m|||a</controlfield><controlfield tag="008">150601s1960    sy      o     000 0 ara d</controlfield><datafield ind1=" " ind2=" " tag="040"><subfield code="a">NNU</subfield><subfield code="b">eng</subfield><subfield code="e">rda</subfield><subfield code="c">NNU</subfield></datafield><datafield ind1=" " ind2="4" tag="050"><subfield code="a">PJ7802.A85</subfield><subfield code="b">K5 1960</subfield></datafield><datafield ind1="1" ind2=" " tag="100"><subfield code="6">880-01</subfield><subfield code="a">Ibn Ba&#772;jjah, Abu&#772; Bakr Muh&#803;ammad ibn Yah&#803;ya&#769;,</subfield><subfield code="d">-1138 or 1139.</subfield></datafield><datafield ind1="1" ind2="0" tag="240"><subfield code="6">880-02</subfield><subfield code="a">Nafs</subfield></datafield><datafield ind1="1" ind2="0" tag="245"><subfield code="6">880-03</subfield><subfield code="a">Kita&#772;b al-Nafs /</subfield><subfield code="c">s&#803;anafahu Abu&#772; Bakr Muh&#803;ammad ibn Ba&#772;jjah al-Andalusi&#772; ; h&#803;aqqaqahu Muh&#803;ammad S&#803;aghi&#772;r H&#803;asan al-Ma&#699;s&#803;u&#772;mi&#772;.</subfield></datafield><datafield ind1="3" ind2=" " tag="246"><subfield code="6">880-04</subfield><subfield code="a">Nafs</subfield></datafield><datafield ind1=" " ind2=" " tag="260"><subfield code="6">880-05</subfield><subfield code="a">Dimashq :</subfield><subfield code="b">Mat&#803;bu&#772;&#699;a&#772;t al-Majma&#699; al-&#699;Ilmi&#772; al-&#699;Arabi&#772;,</subfield><subfield code="c">1960.</subfield></datafield><datafield ind1=" " ind2=" " tag="300"><subfield code="a">online resource (153 pages)</subfield></datafield><datafield ind1=" " ind2=" " tag="336"><subfield code="a">text</subfield><subfield code="2">rdacontent</subfield></datafield><datafield ind1=" " ind2=" " tag="337"><subfield code="a">computer</subfield><subfield code="2">rdamedia</subfield></datafield><datafield ind1=" " ind2=" " tag="338"><subfield code="a">online resource</subfield><subfield code="2">rdacarrier</subfield></datafield><datafield ind1="1" ind2=" " tag="490"><subfield code="6">880-06</subfield><subfield code="a">Mat&#803;bu&#772;&#699;a&#772;t al-Majma&#699; al-&#699;Ilmi&#772; al-&#699;Arabi&#772; bi-Dimashq </subfield></datafield><datafield ind1=" " ind2=" " tag="500"><subfield code="a">Part of the Arabic Collections Online (ACO) project, contributed by Columbia University Libraries.</subfield></datafield><datafield ind1=" " ind2=" " tag="533"><subfield code="a">Electronic reproduction.</subfield><subfield code="b">New York, N.Y. :</subfield><subfield code="c">New York University,</subfield><subfield code="d">2015.</subfield><subfield code="5">NNU</subfield></datafield><datafield ind1=" " ind2="0" tag="650"><subfield code="a">Philosophy, Arab.</subfield></datafield><datafield ind1=" " ind2="7" tag="650"><subfield code="a">Philosophy, Arab.</subfield><subfield code="2">fast</subfield><subfield code="0">(OCoLC)fst01060873</subfield></datafield><datafield ind1="1" ind2=" " tag="700"><subfield code="6">880-07</subfield><subfield code="a">Ma&#699;s&#803;u&#772;mi&#772;, M. S&#803;aghi&#772;r H&#803;asan</subfield><subfield code="q">(Muh&#803;ammad S&#803;aghi&#772;r H&#803;asan)</subfield></datafield><datafield ind1="2" ind2=" " tag="710"><subfield code="a">Columbia University.</subfield><subfield code="b">Libraries.</subfield></datafield><datafield ind1="0" ind2=" " tag="730"><subfield code="a">Arabic Collections Online.</subfield></datafield><datafield ind1="0" ind2="8" tag="776"><subfield code="i">Print version:</subfield><subfield code="a">Ibn Ba&#772;jjah, Abu&#772; Bakr Muh&#803;ammad ibn Yah&#803;ya&#769;, -1138 or 1139.</subfield><subfield code="t">Kita&#772;b al-Nafs</subfield><subfield code="w">(NNC)3063520</subfield><subfield code="w">(OCoLC)33992827</subfield></datafield><datafield ind1=" " ind2="0" tag="830"><subfield code="6">880-08</subfield><subfield code="a">Mat&#803;bu&#772;&#699;a&#772;t al-Majma&#699; al-&#699;Ilmi&#772; al-&#699;Arabi&#772; bi-Dimashq.</subfield></datafield><datafield ind1="4" ind2="0" tag="856"><subfield code="u">http://hdl.handle.net/2333.1/bcc2ft9w</subfield></datafield><datafield ind1="1" ind2=" " tag="880"><subfield code="6">100-01/r</subfield><subfield code="a">&#1575;&#1576;&#1606; &#1576;&#1575;&#1580;&#1577;&#1548; &#1575;&#1576;&#1608; &#1576;&#1603;&#1585; &#1605;&#1581;&#1605;&#1583; &#1576;&#1606; &#1610;&#1581;&#1610;&#1609;&#1548;</subfield><subfield code="d">-1138 or 1139.</subfield></datafield><datafield ind1="1" ind2="0" tag="880"><subfield code="6">240-02/r</subfield><subfield code="a">&#1606;&#1601;&#1587;</subfield></datafield><datafield ind1="1" ind2="0" tag="880"><subfield code="6">245-03/r</subfield><subfield code="a">&#1603;&#1578;&#1575;&#1576; &#1575;&#1604;&#1606;&#1601;&#1587; /</subfield><subfield code="c">&#1589;&#1606;&#1601;&#1607; &#1571;&#1576;&#1608; &#1576;&#1603;&#1585; &#1605;&#1581;&#1605;&#1583; &#1576;&#1606; &#1576;&#1575;&#1580;&#1577; &#1575;&#1604;&#1571;&#1606;&#1583;&#1604;&#1587;&#1610; &#1563; &#1581;&#1602;&#1602;&#1607; &#1605;&#1581;&#1605;&#1583; &#1589;&#1594;&#1610;&#1585; &#1581;&#1587;&#1606; &#1575;&#1604;&#1605;&#1593;&#1589;&#1608;&#1605;&#1610;.</subfield></datafield><datafield ind1="3" ind2=" " tag="880"><subfield code="6">246-04/r</subfield><subfield code="a">&#1606;&#1601;&#1587;</subfield></datafield><datafield ind1=" " ind2=" " tag="880"><subfield code="6">260-05/r</subfield><subfield code="a">&#1583;&#1605;&#1588;&#1602; :</subfield><subfield code="b">&#1605;&#1591;&#1576;&#1608;&#1593;&#1575;&#1578; &#1575;&#1604;&#1605;&#1580;&#1605;&#1593; &#1575;&#1604;&#1593;&#1604;&#1605;&#1610; &#1575;&#1604;&#1593;&#1585;&#1576;&#1610;&#1548;</subfield><subfield code="c">1960.</subfield></datafield><datafield ind1="1" ind2=" " tag="880"><subfield code="6">490-06/r</subfield><subfield code="a">&#1605;&#1591;&#1576;&#1608;&#1593;&#1575;&#1578; &#1605;&#1580;&#1605;&#1593; &#1575;&#1604;&#1604;&#1594;&#1577; &#1575;&#1604;&#1593;&#1585;&#1576;&#1610;&#1577; &#1576;&#1583;&#1605;&#1588;&#1602;</subfield></datafield><datafield ind1="1" ind2=" " tag="880"><subfield code="6">700-07/r</subfield><subfield code="a">&#1605;&#1593;&#1589;&#1608;&#1605;&#1610;&#1548; &#1605;&#1581;&#1605;&#1583; &#1589;&#1594;&#1610;&#1585; &#1581;&#1587;&#1606;.</subfield></datafield><datafield ind1=" " ind2="0" tag="880"><subfield code="6">830-08/r</subfield><subfield code="a">&#1605;&#1591;&#1576;&#1608;&#1593;&#1575;&#1578; &#1605;&#1580;&#1605;&#1593; &#1575;&#1604;&#1604;&#1594;&#1577; &#1575;&#1604;&#1593;&#1585;&#1576;&#1610;&#1577; &#1576;&#1583;&#1605;&#1588;&#1602;.</subfield></datafield><datafield ind1=" " ind2=" " tag="959"><subfield code="a">NNU</subfield><subfield code="b">WEB</subfield><subfield code="c">GENI</subfield><subfield code="t">0</subfield><subfield code="m">Electronic access</subfield><subfield code="s">01</subfield></datafield><datafield ind1=" " ind2=" " tag="999"><subfield code="i">NNC_3063520</subfield><subfield code="o">(OCoLC)ocm33992827</subfield><subfield code="s">columbia_aco000550</subfield><subfield code="e">(ERROR-880)</subfield><subfield code="s">columbia_aco000550</subfield></datafield></record>